<collection xmlns="http://www.loc.gov/MARC21/slim">
<record>
  <leader>01562nam0a2200325 i 450 </leader>
  <controlfield tag="001">IT\ICCU\CNCE\012346</controlfield>
  <controlfield tag="005">20191204000000.0</controlfield>
  <datafield tag="012" ind1=" " ind2=" ">
    <subfield code="a">emde t,c- u*e- rict (3) 1558 (R)</subfield>
    <subfield code="2">fei</subfield>
  </datafield>
  <datafield tag="100" ind1=" " ind2=" ">
    <subfield code="a">19970101d1558        0itac0103    ba</subfield>
  </datafield>
  <datafield tag="101" ind1=" " ind2=" ">
    <subfield code="a">LAT</subfield>
  </datafield>
  <datafield tag="102" ind1=" " ind2=" ">
    <subfield code="a">IT</subfield>
  </datafield>
  <datafield tag="200" ind1="1" ind2=" ">
    <subfield code="a">℗M. Tullii Ciceronis ℗Epistolae familiares. Pauli Manutii annotationes breuissimae ... Eiusdem Manutii scholia</subfield>
  </datafield>
  <datafield tag="210" ind1=" " ind2=" ">
    <subfield code="a">Venetiis</subfield>
    <subfield code="c">\Paolo Manuzio!</subfield>
    <subfield code="d">1558</subfield>
  </datafield>
  <datafield tag="215" ind1=" " ind2=" ">
    <subfield code="a">313, \39! c.</subfield>
    <subfield code="d">8ʻ</subfield>
  </datafield>
  <datafield tag="620" ind1=" " ind2=" ">
    <subfield code="a">IT</subfield>
    <subfield code="d">Venezia</subfield>
  </datafield>
  <datafield tag="700" ind1=" " ind2="1">
    <subfield code="a">Cicero,</subfield>
    <subfield code="b">Marcus Tullius</subfield>
    <subfield code="3">IT\ICCU\CNCA\002170</subfield>
  </datafield>
  <datafield tag="702" ind1=" " ind2="1">
    <subfield code="a">Manuzio,</subfield>
    <subfield code="b">Paolo</subfield>
    <subfield code="c"> &lt;1512-1574&gt;</subfield>
    <subfield code="3">IT\ICCU\CNCA\000321</subfield>
  </datafield>
  <datafield tag="712" ind1="0" ind2="0">
    <subfield code="a">Manuzio, Paolo</subfield>
    <subfield code="3">IT\ICCU\CNCT\000570</subfield>
    <subfield code="4">650</subfield>
  </datafield>
  <datafield tag="790" ind1=" " ind2="1">
    <subfield code="a">Tullius Cicero,</subfield>
    <subfield code="b">Marcus</subfield>
    <subfield code="3">IT\ICCU\CNCA\020042</subfield>
    <subfield code="z">Cicero, Marcus Tullius</subfield>
  </datafield>
  <datafield tag="790" ind1=" " ind2="1">
    <subfield code="a">Manutius,</subfield>
    <subfield code="b">Paulus</subfield>
    <subfield code="3">IT\ICCU\CNCA\019615</subfield>
    <subfield code="z">Manuzio, Paolo &lt;1512-1574&gt;</subfield>
  </datafield>
  <datafield tag="790" ind1=" " ind2="1">
    <subfield code="a">Manuce,</subfield>
    <subfield code="b">Paul</subfield>
    <subfield code="3">IT\ICCU\CNCA\019616</subfield>
    <subfield code="z">Manuzio, Paolo &lt;1512-1574&gt;</subfield>
  </datafield>
  <datafield tag="791" ind1="0" ind2="0">
    <subfield code="a">Manutius, Paulus</subfield>
    <subfield code="3">IT\ICCU\CNCT\005020</subfield>
    <subfield code="z">Manuzio, Paolo</subfield>
  </datafield>
  <datafield tag="791" ind1="0" ind2="0">
    <subfield code="a">Manutio, Paolo</subfield>
    <subfield code="3">IT\ICCU\CNCT\005021</subfield>
    <subfield code="z">Manuzio, Paolo</subfield>
  </datafield>
  <datafield tag="801" ind1=" " ind2="3">
    <subfield code="a">IT</subfield>
    <subfield code="b">ICCU</subfield>
    <subfield code="c">20201113</subfield>
  </datafield>
  <datafield tag="899" ind1=" " ind2=" ">
    <subfield code="a">Biblioteca Apostolica Vaticana. Citt ̉del Vaticano</subfield>
    <subfield code="1">EX0001</subfield>
    <subfield code="2">ZCV 01</subfield>
  </datafield>
  <datafield tag="899" ind1=" " ind2=" ">
    <subfield code="a">Biblioteca della Fondazione Ezio Franceschini. Firenze</subfield>
    <subfield code="1">FI0322</subfield>
    <subfield code="2">UFI FF</subfield>
  </datafield>
  <datafield tag="899" ind1=" " ind2=" ">
    <subfield code="a">Biblioteca universitaria. Padova</subfield>
    <subfield code="1">PD0158</subfield>
    <subfield code="2">PUV 00</subfield>
  </datafield>
  <datafield tag="899" ind1=" " ind2=" ">
    <subfield code="a">Biblioteca comunale Classense. Ravenna</subfield>
    <subfield code="1">RA0036</subfield>
    <subfield code="2">RAV CL</subfield>
  </datafield>
  <datafield tag="911" ind1=" " ind2=" ">
    <subfield code="a">Sul front.</subfield>
    <subfield code="9">IT\ICCU\CNCM\001454</subfield>
  </datafield>
  <datafield tag="921" ind1=" " ind2=" ">
    <subfield code="a">IT\ICCU\CNCM\001454</subfield>
    <subfield code="b">Ancora con delfino e la scritta Aldus</subfield>
    <subfield code="c">U391</subfield>
    <subfield code="d">Dimensioni: 4,3 x 5,5</subfield>
    <subfield code="f">ANCORA</subfield>
    <subfield code="f">DELFINO</subfield>
    <subfield code="g">1552-1563</subfield>
  </datafield>
</record>
</collection>
